<?xml version="1.0" encoding="UTF-8"?>
<record xmlns="http://www.loc.gov/MARC21/slim">
   <leader>02307cam a2200373 a 4500</leader>
   <controlfield tag="001">1564003</controlfield>
   <controlfield tag="008">      s1990    abc          s000 0 eng d</controlfield>
   <datafield tag="035" ind1=" " ind2=" ">
      <subfield code="a">ocm35507040</subfield>
   </datafield>
   <datafield tag="040" ind1=" " ind2=" ">
      <subfield code="b">eng</subfield>
   </datafield>
   <datafield tag="090" ind1="0" ind2=" ">
      <subfield code="a">TN 873 C22 A4 A33419 no.90-B v.7</subfield>
      <subfield code="b">AEU</subfield>
   </datafield>
   <datafield tag="090" ind1=" " ind2=" ">
      <subfield code="a">TN 880 A3 A335 90-B v.7</subfield>
      <subfield code="b">AEEN</subfield>
   </datafield>
   <datafield tag="240" ind1="0" ind2="0">
      <subfield code="a">Risk approach : / an approach for estimating risk to public safety from uncontrolled sour gas releases : ERCB supplemental appendices to volumes 5 and 6</subfield>
   </datafield>
   <datafield tag="245" ind1="0" ind2="0">
      <subfield code="a">Risk approach : an approach for estimating risk to public safety from uncontrolled sour gas releases : ERCB supplemental appendices to volumes 5 and 6</subfield>
      <subfield code="b">an approach for estimating risk to public safety from uncontrolled sour gas releases : ERCB supplemental appendices to volumes 5 and 6</subfield>
   </datafield>
   <datafield tag="260" ind1=" " ind2=" ">
      <subfield code="a">Calgary, Alta. :</subfield>
      <subfield code="b">Energy Resources Conservation Board,</subfield>
      <subfield code="c">1990.</subfield>
   </datafield>
   <datafield tag="300" ind1=" " ind2=" ">
      <subfield code="a">1 v. (various pagings) :</subfield>
      <subfield code="b">ill. ;</subfield>
      <subfield code="c">28 cm.</subfield>
   </datafield>
   <datafield tag="336" ind1=" " ind2=" ">
      <subfield code="a">text</subfield>
      <subfield code="b">txt</subfield>
      <subfield code="2">rdacontent</subfield>
   </datafield>
   <datafield tag="337" ind1=" " ind2=" ">
      <subfield code="a">unmediated</subfield>
      <subfield code="b">n</subfield>
      <subfield code="2">rdamedia</subfield>
   </datafield>
   <datafield tag="338" ind1=" " ind2=" ">
      <subfield code="a">volume</subfield>
      <subfield code="b">nc</subfield>
      <subfield code="2">rdacarrier</subfield>
   </datafield>
   <datafield tag="490" ind1="1" ind2=" ">
      <subfield code="a">Alberta. Energy Resources Conservation Board. Report ;</subfield>
      <subfield code="v">90-B</subfield>
   </datafield>
   <datafield tag="500" ind1=" " ind2=" ">
      <subfield code="a">"October 1990."</subfield>
   </datafield>
   <datafield tag="505" ind1="0" ind2=" ">
      <subfield code="a">App. A. ERCB statistical data on sweet and sour : well blowouts (drilling, non-drilling and producing operations) and pipeline failures (leaks and ruptures) -- App. B. Toxicological justification of the triple shifted rijnmond equation / Rogers, R.E / TOXCON Consulting Ltd -- App. C. Toxic load and facility estimates for fluctuating concentrations of sour gas / Wilson, D.J / University of Alberta. Dept. of Mechanical Engineering -- App. D. Defining effective turbulence velocities for dispersion in a stable atmosphere / Wilson, D.J / !University of Alberta. Dept. of Mechanical Engineering.</subfield>
   </datafield>
   <datafield tag="596" ind1=" " ind2=" ">
      <subfield code="a">2 48</subfield>
   </datafield>
   <datafield tag="650" ind1=" " ind2="0">
      <subfield code="a">Health risk assessment</subfield>
      <subfield code="x">Computer simulation.</subfield>
   </datafield>
   <datafield tag="650" ind1=" " ind2="0">
      <subfield code="a">GASCON (Computer program)</subfield>
   </datafield>
   <datafield tag="650" ind1=" " ind2="0">
      <subfield code="a">Gas wells</subfield>
      <subfield code="x">Blowouts</subfield>
      <subfield code="x">Computer simulation.</subfield>
   </datafield>
   <datafield tag="650" ind1=" " ind2="0">
      <subfield code="a">Hydrogen sulfide</subfield>
      <subfield code="x">Measurement</subfield>
      <subfield code="x">Computer simulation.</subfield>
   </datafield>
   <datafield tag="650" ind1=" " ind2="0">
      <subfield code="a">Atmospheric diffusion</subfield>
      <subfield code="x">Computer simulation.</subfield>
   </datafield>
   <datafield tag="650" ind1=" " ind2="0">
      <subfield code="a">Risk assessment</subfield>
      <subfield code="x">Computer simulation.</subfield>
   </datafield>
   <datafield tag="710" ind1="1" ind2=" ">
      <subfield code="a">Alberta.</subfield>
      <subfield code="b">Energy Resources Conservation Board.</subfield>
   </datafield>
   <datafield tag="740" ind1="3" ind2=" ">
      <subfield code="a">An approach for estimating risk to public safety from uncontrolled sour gas releases : ERCB supplemental appendices to volumes 5 and 6.</subfield>
   </datafield>
   <datafield tag="830" ind1=" " ind2="0">
      <subfield code="a">ERCB (Series) ;</subfield>
      <subfield code="v">90-B v.7.</subfield>
   </datafield>
   <datafield tag="926" ind1=" " ind2=" ">
      <subfield code="a">AGL_CAP</subfield>
      <subfield code="b">ON_SHELF</subfield>
      <subfield code="c">TN 880 A3 A335 90-B v.7</subfield>
      <subfield code="d">BOOK</subfield>
      <subfield code="f">1</subfield>
   </datafield>
   <datafield tag="926" ind1=" " ind2=" ">
      <subfield code="a">AGL_CAP</subfield>
      <subfield code="b">ARCHIVES</subfield>
      <subfield code="c">TN 880 A3 A335 90-B v.7</subfield>
      <subfield code="d">NO_LOAN</subfield>
      <subfield code="f">2</subfield>
   </datafield>
   <datafield tag="926" ind1=" " ind2=" ">
      <subfield code="a">UASCITECH</subfield>
      <subfield code="b">ON_SHELF</subfield>
      <subfield code="c">TN 873 C22 A4 A33419 no.90-B v.7</subfield>
      <subfield code="d">BOOK</subfield>
      <subfield code="f">1</subfield>
   </datafield>
   <datafield tag="926" ind1=" " ind2=" ">
      <subfield code="a">UASCITECH</subfield>
      <subfield code="b">ON_SHELF</subfield>
      <subfield code="c">TN 873 C22 A4 A33419 no.90-B v.7</subfield>
      <subfield code="d">BOOK</subfield>
      <subfield code="f">2</subfield>
   </datafield>
</record>
